@ARTICLE{netlogo,
  author = {U. Wilensky},
  title = {NetLogo},
  journal = {\url{http://ccl.northwestern.edu/netlogo/}.
             Center for Connected Learning and Computer-Based Modeling,
             Northwestern University, Evanston, IL},
  year = {1999},
}

@ARTICLE{article1,
  author = {K. Saeed and O. V. Pavlov and J. Skorinko and A. Smith},
  title = {Farmers, bandits and soldiers: a generic system for addressing peace agendas},
  journal = {Syst. Dyn. Rev.},
  year = {2013},
  volume = {29},
  pages = {237-252}
}

@ARTICLE{article2,
  author = {E. G. Anderson},
  title = {A dynamic model of counterinsurgency policy including the effects of intelligence,
           public security, popular support, and insurgent experience},
  journal = {Syst. Dyn. Rev.},
  year = {2011},
  volume = {27},
  pages = {111-141}
}
